<record><leader>00000cas a2200000 a 4500</leader><controlfield tag="001">10838512</controlfield><controlfield tag="008">840613d18391840vtuwr ne      0    0eng d</controlfield><datafield ind1=" " ind2=" " tag="010"><subfield code="a">sn 84023354 </subfield></datafield><datafield ind1=" " ind2=" " tag="040"><subfield code="a">AQM</subfield><subfield code="b">eng</subfield><subfield code="c">AQM</subfield><subfield code="d">NPX</subfield><subfield code="d">DLC</subfield><subfield code="d">NVN</subfield><subfield code="d">OCLCF</subfield><subfield code="d">OCLCO</subfield></datafield><datafield ind1="1" ind2=" " tag="029"><subfield code="a">AU@</subfield><subfield code="b">000020228362</subfield></datafield><datafield ind1=" " ind2=" " tag="042"><subfield code="a">msc</subfield></datafield><datafield ind1="0" ind2="0" tag="050"><subfield code="a">Newspaper 9952-X</subfield></datafield><datafield ind1="0" ind2="0" tag="245"><subfield code="a">Vermont State paper, and Lamoille &amp; Orleans Co. Democrat.</subfield></datafield><datafield ind1="1" ind2="0" tag="246"><subfield code="a">Vermont State paper, and Lamoille and Orleans County Democrat</subfield></datafield><datafield ind1="1" ind2="3" tag="246"><subfield code="a">Vermont State paper</subfield></datafield><datafield ind1=" " ind2=" " tag="260"><subfield code="a">Johnson [Vt.] :</subfield><subfield code="b">J.W. Remington,</subfield></datafield><datafield ind1=" " ind2=" " tag="300"><subfield code="a">v. ;</subfield><subfield code="c">51 cm.</subfield></datafield><datafield ind1=" " ind2=" " tag="310"><subfield code="a">Weekly</subfield></datafield><datafield ind1="0" ind2=" " tag="362"><subfield code="a">Vol. 1, no. 40 (Mar. 12, 1839).</subfield></datafield><datafield ind1="1" ind2=" " tag="362"><subfield code="a">Ceased in May 1840 (?).</subfield><subfield code="z">Cf. Gregory, W.  Amer. newspapers.</subfield></datafield><datafield ind1=" " ind2=" " tag="500"><subfield code="a">"Democratic."</subfield></datafield><datafield ind1=" " ind2=" " tag="500"><subfield code="a">Editor: C.G. Eastman, &lt;1839-1840&gt;.</subfield></datafield><datafield ind1=" " ind2="0" tag="651"><subfield code="a">Johnson (Vt. : Town)</subfield><subfield code="v">Newspapers.</subfield></datafield><datafield ind1=" " ind2="0" tag="651"><subfield code="a">Vermont</subfield><subfield code="v">Newspapers.</subfield></datafield><datafield ind1=" " ind2="7" tag="655"><subfield code="a">Newspapers.</subfield><subfield code="2">fast</subfield><subfield code="0">(OCoLC)fst01423814</subfield></datafield><datafield ind1=" " ind2="7" tag="651"><subfield code="a">Vermont.</subfield><subfield code="2">fast</subfield><subfield code="0">(OCoLC)fst01204305</subfield></datafield><datafield ind1=" " ind2="7" tag="651"><subfield code="a">Vermont</subfield><subfield code="z">Johnson (Town)</subfield><subfield code="2">fast</subfield><subfield code="0">(OCoLC)fst01332150</subfield></datafield><datafield ind1="1" ind2=" " tag="700"><subfield code="a">Eastman, Charles Gamage,</subfield><subfield code="d">1816-1860.</subfield></datafield><datafield ind1=" " ind2=" " tag="752"><subfield code="a">United States</subfield><subfield code="b">Vermont</subfield><subfield code="c">Lamoille</subfield><subfield code="d">Johnson.</subfield></datafield><datafield ind1="0" ind2="0" tag="780"><subfield code="t">Lamoille River express</subfield><subfield code="w">(DLC)sn 84027747</subfield><subfield code="w">(OCoLC)11515626</subfield></datafield><datafield ind1="0" ind2="0" tag="785"><subfield code="t">Lamoille banner</subfield></datafield></record>